
@misc{Software,
    key="Software Gurú",
    title="{Beneficios de la Automatización de Pruebas}",
    year=2009,
    URL="https://sg.com.mx/content/view/683",
    addendum="Extraído el 21 de Marzo del 2019"
}

@misc{STC,
    key="Software Testing Class",
    title="{What is Automation Testing?}",
    year=2014,
    URL="https://www.softwaretestingclass.com/what-is-automation-testing",
    addendum="Extraído el 12 de Marzo del 2019"
}

@electronic{Cohn,
    author="Cohn, Mike",
    title="{The Forgotten Layer of the Test Automation Pyramid}",
    year=2009,
    URL="https://www.mountaingoatsoftware.com/blog/the-forgotten-layer-of-the-test-automation-pyramid",
    addendum="Extraído el 12 de Marzo del 2019"
}

@electronic{Francino,
    author="Francino, Yvette",
    title="{The test automation basics every software developer should know}",
    year=2015,
    URL="https://techbeacon.com/app-dev-testing/test-automation-basics-every-software-developer-should-know",
    addendum="Extraído el 12 de Marzo del 2019"
}

@electronic{Sharma,
    author="Sharma, Laskshay",
    title="{What does End-to-End test mean?}",
    year=2017,
    URL="https://www.toolsqa.com/software-testing/what-does-end-to-end-test-mean",
    addendum="Extraído el 13 de Marzo del 2019"
}

@electronic{King,
    author="King, Jackie",
    title="{10 Best Practices in Test Automation \#9: Plan E2E Testing}",
    year=2018,
    URL="https://www.ranorex.com/blog/10-best-practices-test-automation-9-plan-e2e-testing",
    addendum="Extraído el 13 de Marzo del 2019"
}

@misc{Techlabs,
    key="Techlabs",
    title="{Everything you need to know about test automation frameworks}",
    year=2019,
    URL="https://www.marutitech.com/test-automation-frameworks",
    addendum="Extraído el 13 de Marzo del 2019"
}

@electronic{Nguyen,
    author="Nguyen, Hien D",
    title="{Test automation frameworks: Everything you need to know}",
    year=2018,
    URL="https://www.logigear.com/blog/test-automation/test-automation-frameworks-everything-you-need-to-know",
    addendum="Extraído el 13 de Marzo del 2019"
}

@electronic{Haaz,
    author="Haaz Diáz, Alberto",
    title="{Criterios, Indicadores y Estándares de Calidad}",
    year=2010,
    URL="https://haaz-calidad.blogspot.com/2010/05/criterios-indicadores-y-estandares-de.html",
    addendum="Extraído el 12 de Diciembre del 2018"
}

@electronic{Fillottrani,
    author="Fillottrani, Pablo R.",
    title="{Calidad en el Desarrollo de Software}",
    year=2017,
    URL="http://www.cs.uns.edu.ar/~prf/teaching/SQ07/clase6.pdf",
    addendum="Extraído el 12 de Diciembre del 2018"
}

@electronic{Ashanin,
    author="Ashanin, Nikolay",
    title="{Quality attributes in Software Arquitecture. Part I}",
    year=2018,
    URL="https://hackernoon.com/quality-attributes-in-software-architecture-3844ea482732",
    addendum="Extraído el 12 de Diciembre del 2018"
}

@electronic{Naik,
    author="Naik, Kshirasagar",
    title="{Software Testing and Quality Assurance}",
    year=2008,
    URL="http://ebooks.bharathuniv.ac.in/gdlc1/gdlc1/Software%20Engineering/SOFTWARE%20TESTING%20AND%20QUALITY%20ASSURANCE,Theory%20and%20Practice%20-%20KSHIRASAGAR%20NAIK.pdf",
    addendum="Extraído el 12 de Diciembre del 2018"
}

@electronic{Luo,
    author="Luo, Lu",
    title="{Software Testing Techniques}",
    year=2001,
    URL="https://www.cs.cmu.edu/~luluo/Courses/17939Report.pdf",
    addendum="Extraído el 12 de Diciembre del 2018"
}

@electronic{Kaner,
    author="Kaner, Cem",
    title="{Teaching Domain Testing: A Status Report}",
    year=2003,
    URL="http://www.testingeducation.org/a/tdtsr.pdf",
    addendum="Extraído el 12 de Diciembre del 2018"
}

@electronic{Nadig,
    author="Nadig, Sneha",
    title="{What is Negative Testing and How to Write Negative Test Cases?}",
    year=2018,
    URL="https://www.softwaretestinghelp.com/what-is-negative-testing/",
    addendum="Extraído el 12 de Diciembre del 2018"
}

@electronic{McCarthy,
    author="McCarthy, Ben",
    title="{A Brief History Of Salesforce.com.}",
    year=2016,
    URL="https://www.salesforceben.com/brief-history-salesforce-com",
    addendum="Extraído el 12 de Diciembre del 2018"
}

